@misc{W1,
  title = {Titanic: Machine Learning from Disaster},
  howpublished = {\url{https://www.kaggle.com/c/titanic/data}},
  note = {Accessed: 16-04-2016}
}

@misc{G1,
  title = {Gapminder: Unveiling the beauty of statistics for a fact based world view},
  howpublished = {\url{http://www.gapminder.org/}},
  note = {Accessed: 20-04-2016}
}